@inproceedings{cleveland_developing_2015,
	title = {Developing programmable multi-chemistry battery chargers for common power electronic topologies using a hybrid {PWM} controller},
	doi = {10.1109/IFEEC.2015.7361409},
	abstract = {The evolution of new battery technologies and unique system requirements has created a demand for intelligent power electronic battery-charger solutions. This paper will present a method showing how to develop a programmable solution that supports multiple topologies and hardware designs that can be used to safely and reliability charge existing and future battery chemistries, in addition to super-capacitor energy storage needs. Common and popular battery-charger topologies, such as Buck, Flyback, {SEPIC} and Cuk', will be used as examples. Using this method, accurate constant voltage and charge current can be achieved with all topologies via a common firmware platform and a highly integrated hybrid {PWM} controller.},
	eventtitle = {2015 {IEEE} 2nd International Future Energy Electronics Conference ({IFEEC})},
	pages = {1--7},
	booktitle = {2015 {IEEE} 2nd International Future Energy Electronics Conference ({IFEEC})},
	author = {Cleveland, Terry L. and Train, Che-Chuan Lin},
	date = {2015-11},
	keywords = {Batteries, Battery chargers, Inductors, Switches, Temperature measurement, Topology, Voltage control},
	file = {IEEE Xplore Abstract Record:D\:\\Users\\AngelOrellana\\Zotero\\storage\\HTRCWR7B\\7361409.html:text/html},
}

@article{perafan_montoya_robotat_2022,
	title = {Robotat: un ecosistema robótico de captura de movimiento y comunicación inalámbrica.},
	url = {https://repositorio.uvg.edu.gt/xmlui/handle/123456789/4250},
	shorttitle = {Robotat},
	abstract = {En este trabajo de graduación se desarrolló una red de comunicación {WiFi} para varios 
				agentes, que al funcionar en conjunto al sistema de captura de movimiento {OptiTrack}, formó un ecosistema de experimentación robótico denominado Robotat. Esta iteración significó un avance significativo con la versión anterior ya que este ecosistema se puede utilizar para diferentes agentes y no solo para un campo de investigación específico. Primeramente, se ensambló y configuró el sistema de captura de movimiento mencionado, para poder así obtener información acerca de la pose de los agentes que se encuentren dentro del área de trabajo. En la implementación de esta sección se pudo comprobar que las mediciones dadas por el sistema coincidían con las mediciones reales, dando como error máximo un valor de 5.28\%. Posteriormente, se desarrolló una librería en el lenguaje de programación C para que así un microcontrolador, en este caso un {ESP}32, se pudiera conectar a la red {WiFi} del ecosistema y pudiera recibir los datos brindados por el {OptiTrack} por medio del protocolo {MQTT}, y enviar datos pertinentes por medio de este mismo protocolo. Cabe resaltar que también se desarrolló un programa en el lenguaje de programación Python, el cual fue usado en la computadora asignada al ecosistema. Este programa tomaba los valores de las poses de los agentes, provistos por el {OptiTrack}, y los publicaba a un broker haciendo uso del protocolo {MQTT}. En la implementación de esta sección se obtuvo confirmación de que el programa desarrollado en Python publicaba los datos obtenidos del {OptiTrack} al broker y el microcontrolador, implementando la librería desarrollada, los recibía y decodificaba. 
				Además, se pudo verificar por medio de una medición de latencia, el número máximo de 
				agentes que se podían conectar al ecosistema antes de que la frecuencia de recepción y 
				decodificación de datos fuera menor a 10 Hz, dando un valor máximo de 11 agentes. 
				Finalmente, se desarrolló una antena inteligente, la cual permitió a cualquier agente 
				no robótico interactuar con el ecosistema. En la implementación de esta sección se pudo 
				comprobar que el incorporar una unidad de medición inercial y un filtro de Kalman permitiría reducir en cierta medida el ruido de los datos obtenidos por el {OptiTrack}, además de mejorar su exactitud. (A)},
	author = {Perafán Montoya, Camilo},
	urldate = {2023-04-15},
	date = {2022},
	langid = {spanish},
}

@online{noauthor_digitally_nodate,
 	author = {Microchip Technology},
	title = {Digitally Enhanced Power Analog Hybrid Controllers},
	url = {https://www.microchip.com/en-us/products/power-management/dc-dc-controllers/digitally-enhanced-power-analog-hybrid-controllers},
	abstract = {Microchip's Digitally Enhanced Power Analog ({DEPA}) family of controller products combines the performance of analog Pulse-Width Modulation ({PWM}).},
	urldate = {2023-04-22},
	langid = {english},
	file = {Snapshot:D\:\\Users\\AngelOrellana\\Zotero\\storage\\2BV3PZD4\\digitally-enhanced-power-analog-hybrid-controllers.html:text/html},
}

@thesis{zapien_electrical_2020,
	title = {Electrical system design for wafer-like satellite},
	rights = {{MIT} theses may be protected by copyright. Please reuse {MIT} thesis content according to the {MIT} Libraries Permissions Policy, which is available through the {URL} provided.},
	url = {https://dspace.mit.edu/handle/1721.1/127549},
	abstract = {The miniaturization of electronics and reduced budgets for satellites have propelled the small-sat revolution for the past two decades[1]. The rapid growth of Small satellites has been driven by the increasing capability of Commercial Off the Shelf ({COTS}) products and their reduced Size, Weight, and Power ({SWaP}). This success could potentially be expanded by the use of microelectromechanical systems ({MEMS}) and microelectronics fabrication processes. {MEMS} processes have revolutionized the implementation of electronics in silicon wafers, greatly reducing the mass and area needed for components. {MEMS} could reduce the {SWaP} of a satellite to drive cost reduction and rapid manufacturing. {WaferSat} is a {MIT} Lincoln Laboratory project, with collaboration from the {MIT} Aero Astro Department, that is developing a wafer-scale satellite bus using microfabrication.},
	institution = {Massachusetts Institute of Technology},
	type = {Thesis},
	author = {Zapien, Xavier Alexander},
	urldate = {2023-04-22},
	date = {2020},
	note = {Accepted: 2020-09-15T22:03:08Z},
	file = {Full Text PDF:D\:\\Users\\AngelOrellana\\Zotero\\storage\\3NNLD4PK\\Zapien - 2020 - Electrical system design for wafer-like satellite.pdf:application/pdf},
}

@article{texas_instrumens_multi-chemistry_2022,
	title = {Multi-Chemistry Charger in Low Battery Power Applications},
	url = {www.ti.com/lit/an/sluaah5/sluaah5.pdf},
	abstract = {Portable devices have benefited from advances in battery technology more than any other product category. The technology has made different battery chemistries available with different charging profiles. In this application note, we explore the common chemistries used in portable applications, tradeoffs in selecting these chemistries, and typical charging profiles.},
	author = {Texas Instruments},
	date = {2022},
	langid = {english},
	file = {2022 - Multi-Chemistry Charger in Low Battery Power Appli.pdf:D\:\\Users\\AngelOrellana\\Zotero\\storage\\V3VNAZ43\\2022 - Multi-Chemistry Charger in Low Battery Power Appli.pdf:application/pdf},
}

@online{noauthor_lithium-ion_nodate,
	title = {Lithium-Ion Battery},
	url = {https://www.cei.washington.edu/education/science-of-solar/battery-technology/},
	titleaddon = {Clean Energy Institute},
	urldate = {2023-05-18},
	date={s.f},
	langid = {american},
	file = {Snapshot:D\:\\Users\\AngelOrellana\\Zotero\\storage\\93WHLI69\\battery-technology.html:text/html},
}

@book{erickson_fundamentals_2020,
	location = {Cham},
	title = {Fundamentals of Power Electronics},
	isbn = {978-3-030-43879-1},
	abstract = {Fundamentals of Power Electronics, Third Edition, is an up-to-date and authoritative text and reference book on power electronics. This new edition retains the original objective and philosophy of focusing on the fundamental principles, models, and technical requirements needed for designing practical power electronic systems while adding a wealth of new material. Improved features of this new edition include: new material on switching loss mechanisms and their modeling; wide bandgap semiconductor devices; a more rigorous treatment of averaging; explanation of the Nyquist stability criterion; incorporation of the Tan and Middlebrook model for current programmed control; a new chapter on digital control of switching converters; major new chapters on advanced techniques of design-oriented analysis including feedback and extra-element theorems; average current control; new material on input filter design; new treatment of averaged switch modeling, simulation, and indirect power; and sampling effects in {DCM}, {CPM}, and digital control.Fundamentals of Power Electronics, Third Edition, is intended for use in introductory power electronics courses and related fields for both senior undergraduates and first-year graduate students interested in converter circuits and electronics, control systems, and magnetic and power systems. It will also be an invaluable reference for professionals working in power electronics, power conversion, and analog and digital electronics.},
	pagetotal = {1103},
	author = {Erickson, Robert W. and Maksimović, Dragan},
	date = {2020},
}



@inproceedings{shen_charging_2012,
	title = {Charging algorithms of lithium-ion batteries: An overview},
	doi = {10.1109/ICIEA.2012.6360973},
	shorttitle = {Charging algorithms of lithium-ion batteries},
	abstract = {This paper presents the overview of charging algorithms for lithium-ion batteries, which include constant current-constant voltage ({CC}/{CV}), variants of the {CC}/{CV}, multistage constant current, pulse current and pulse voltage. The {CC}/{CV} charging algorithm is well developed and widely adopted in charging lithium-ion batteries. It is used as a benchmark to compare with other charging algorithms in terms of the charging time, the charging efficiency, the influences on battery life and other aspects, which can serve as a convenient reference for future work in developing a charger for lithium-ion battery.},
	eventtitle = {2012 7th {IEEE} Conference on Industrial Electronics and Applications ({ICIEA})},
	pages = {1567--1572},
	booktitle = {2012 7th {IEEE} Conference on Industrial Electronics and Applications ({ICIEA})},
	author = {Shen, Weixiang and Vo, Thanh Tu and Kapoor, Ajay},
	date = {2012-07},
	note = {{ISSN}: 2158-2297},
	keywords = {Algorithm design and analysis, Batteries, charging algorithms, Electrodes, Ions, Lithium, Lithium-ion batteries, Sensors, Standards},
	file = {IEEE Xplore Abstract Record:D\:\\Users\\AngelOrellana\\Zotero\\storage\\Y2ZMDSEI\\6360973.html:text/html},
}

@article{zhan_characteristics_1999,
	title = {Characteristics of Ni/{MH} power batteries and its application to electric vehicles},
	volume = {293-295},
	issn = {0925-8388},
	url = {https://www.sciencedirect.com/science/article/pii/S0925838899003618},
	doi = {10.1016/S0925-8388(99)00361-8},
	abstract = {Development of electric vehicles ({EVs}) has great significance for protecting the environment, saving energy and improving energy structure. The Ni/{MH} power battery is one of the most practical batteries as a power source for {EVs}. The properties of Ni/{MH} power batteries are described and the status of application of Ni/{MH} power batteries for {EVs} in Japan, {USA} and China is reviewed. A 150Ah 6V battery pack made by Beijing General Research Institute for Non-ferrous Metal ({GRINM}) has passed the test of National Key Laboratory and exhibits superior charge–discharge characteristics. A 100 Ah 120 V battery pack firstly has been fitted on an {EVs} in China and gained successful running demonstration.},
	pages = {804--808},
	journaltitle = {Journal of Alloys and Compounds},
	shortjournal = {Journal of Alloys and Compounds},
	author = {Zhan, F. and Jiang, L. J. and Wu, B. R. and Xia, Z. H. and Wei, X. Y. and Qin, G. R.},
	urldate = {2023-05-20},
	date = {1999-12-20},
	langid = {english},
	file = {ScienceDirect Snapshot:D\:\\Users\\AngelOrellana\\Zotero\\storage\\NR76F7Z5\\S0925838899003618.html:text/html},
}

@article{wilson_robotarium_2021,
	title = {The Robotarium: Automation of a Remotely Accessible, Multi-Robot Testbed},
	volume = {6},
	issn = {2377-3766},
	doi = {10.1109/LRA.2021.3062796},
	shorttitle = {The Robotarium},
	pages = {2922--2929},
	number = {2},
	journaltitle = {{IEEE} Robotics and Automation Letters},
	author = {Wilson, Sean and Glotfelter, Paul and Mayya, Siddharth and Notomista, Gennaro and Emam, Yousef and Cai, Xiaoyi and Egerstedt, Magnus},
	date = {2021-04},
	note = {Conference Name: {IEEE} Robotics and Automation Letters},
	keywords = {Automation, Collision avoidance, Hardware, methods and tools for robot system design, multi-robot systems, Reliability, Robot kinematics, robot safety, Robots, Software}
}

@report{noauthor_pololu_nodate,
	title = {Pololu 3pi+ 32U4 User's Guide},
	author = {Pololu},
	url = {https://www.pololu.com/docs/0J83/all},
	urldate = {2023-05-15},
	langid = {english},
	file = {Snapshot:D\:\\Users\\AngelOrellana\\Zotero\\storage\\9M2HI77B\\all.html:text/html},
}

@article{ junaid_design_2016,
	title = {Design and implementation of autonomous wireless charging station for rotary-wing {UAVs}},
	volume = {54},
	issn = {1270-9638},
	url = {https://www.sciencedirect.com/science/article/pii/S1270963816301547},
	doi = {10.1016/j.ast.2016.04.023},
	pages = {253--266},
	journaltitle = {Aerospace Science and Technology},
	shortjournal = {Aerospace Science and Technology},
	author = {Junaid, Ali Bin and Lee, Yunseong and Kim, Yoonsoo},
	urldate = {2023-05-08},
	date = {2016-07-01},
	langid = {english},
	keywords = {Multicopter, Rotary-wing {UAV}, Wireless power transfer},
	file = {ScienceDirect Snapshot:D\:\\Users\\AngelOrellana\\Zotero\\storage\\AVS7F3PW\\S1270963816301547.html:text/html},
}
@misc{mk2010_english_2012,
	title = {English:  Two 18650 lithium-ion batteries},
	url = {https://commons.wikimedia.org/wiki/File:18650_Li-ion_%26_Panasonic_CR123A_20121116.jpg},
	shorttitle = {English},
	author = {{Mk2010}},
	urldate = {2023-05-12},
	date = {2012-11-16},
	file = {Wikimedia Snapshot:D\:\\Users\\AngelOrellana\\Zotero\\storage\\5YVBPFPK\\File18650_Li-ion_&_Panasonic_CR123A_20121116.html:text/html},
}

@misc{multicherry_english_2020,
	title = {English:  Rear of a {NiMH} rechargeable battery. Sold on the {UK} market circa 2005 to 2010. (This is an Energizer, but no branding or references to it is visible in this photograph.)},
	url = {https://commons.wikimedia.org/wiki/File:NiMH_rechargeable_AA_battery_(no_visible_branding).jpg},
	shorttitle = {English},
	author = {{Multicherry}},
	urldate = {2023-05-22},
	date = {2020-01-14},
	file = {Wikimedia Snapshot:D\:\\Users\\AngelOrellana\\Zotero\\storage\\858BRAWB\\FileNiMH_rechargeable_AA_battery_(no_visible_branding).html:text/html},
}

@inproceedings{nicolai_nickel-cadmium_1995,
	title = {From nickel-cadmium to nickel-hybride fast battery charger},
	isbn = {978-0-7803-2423-7},
	doi = {10.1109/PEDS.1995.404970},
	abstract = {In todays portable equipment, the trend is to replace Ni-Cd batteries with the more environmentally friendly Ni-{MH} batteries. Several battery charger applications such as notebook computers and portable telephones already require Ni-Cd/Ni-{MH} compatible battery chargers. In this paper, the described charge termination method is based on the detection of the inflexion point in the battery voltage curve. This inflexion point detection method is not only
“Ni-Cd/Ni-{MH} compatible” it also significantly increases the
Ni-Cd battery lifetime when fast charging},
	pages = {786--791 vol.2},
	author = {Nicolai, Jean and Wuidart, L.},
	date = {1995-03-21},
	file = {Full Text PDF:D\:\\Users\\AngelOrellana\\Zotero\\storage\\WLHBJMYH\\Nicolai and Wuidart - 1995 - From nickel-cadmium to nickel-hybride fast battery.pdf:application/pdf},
}


@report{triano_basics_2020,
	title = {Basics of Power {MUX}},
	url = {https://www.ti.com/lit/an/slvae51a/slvae51a.pdf},
	institution = {Texas Instruments},
	author = {Triano, Alex},
	urldate = {2023-05-20},
	date = {2020},
	file = {Multiplexores de potencia | TI.com:D\:\\Users\\AngelOrellana\\Zotero\\storage\\VTJP9525\\overview.html:text/html},
}

@report{lm2596,
	title = { LM2596 Power Converter 150-kHz
	3-A Step-Down Voltage Regulator},
	url = {https://www.ti.com/lit/ds/symlink/lm2596.pdf},
	institution = {Texas Instruments},
	urldate = {2023-07-01},
}


@online{noauthor_lm2596_nodate,
	title = {{LM}2596 data sheet, product information and support},
	url = {https://www.ti.com/product/LM2596},
	urldate = {2023-07-13},
	institution = {Texas Instruments},
	file = {LM2596 data sheet, product information and support | TI.com:D\:\\Users\\AngelOrellana\\Zotero\\storage\\3U93RBD5\\LM2596.html:text/html},
}

@book{electronic_Boylestad,
   title =     {Electronic Devices and Circuit Theory (11th Edition)},
   author =    {Robert L. Boylestad, Louis Nashelsky},
   publisher = {Prentice Hall},
   isbn =      {0132622262},
   year =      {2012},
   series =    {},
   edition =   {11th Edition},
   volume =    {},
}

@report{tl08x,
	title = { TL08xx FET-Input Operational Amplifiers},
	url = {https://www.ti.com/lit/ds/symlink/tl082.pdf},
	institution = {Texas Instruments},
	urldate = {2023-07-15},
}

@online{noauthor_pcb_nodate,
	title = {{PCB} Trace Width Conversion Calculator {\textbar} {DigiKey}},
	url = {https://www.digikey.com/en/resources/conversion-calculators/conversion-calculator-pcb-trace-width},
	urldate = {2023-08-01},
	file = {PCB Trace Width Conversion Calculator | DigiKey:D\:\\Users\\AngelOrellana\\Zotero\\storage\\27YI88DV\\conversion-calculator-pcb-trace-width.html:text/html},
}